<record><leader>00000cas a22000007a 4500</leader><controlfield tag="001">17420029</controlfield><controlfield tag="008">880202d18601861ohuwr ne      0    0eng d</controlfield><datafield ind1=" " ind2=" " tag="010"><subfield code="a">sn 88077098 </subfield></datafield><datafield ind1=" " ind2=" " tag="040"><subfield code="a">ONP</subfield><subfield code="b">eng</subfield><subfield code="c">ONP</subfield><subfield code="d">OCLCQ</subfield></datafield><datafield ind1=" " ind2=" " tag="042"><subfield code="a">msc</subfield></datafield><datafield ind1="0" ind2=" " tag="130"><subfield code="a">Miami County Democrat (Piqua, Ohio : 1860)</subfield></datafield><datafield ind1="1" ind2="0" tag="245"><subfield code="a">Miami County Democrat.</subfield></datafield><datafield ind1=" " ind2=" " tag="260"><subfield code="a">Piqua [Ohio] :</subfield><subfield code="b">Josh. H. Horton,</subfield><subfield code="c">1860-</subfield></datafield><datafield ind1=" " ind2=" " tag="310"><subfield code="a">Weekly</subfield></datafield><datafield ind1="0" ind2=" " tag="362"><subfield code="a">Vol. 1, no. 1 (Aug. 21, 1860)-</subfield></datafield><datafield ind1="1" ind2=" " tag="362"><subfield code="a">Ceased in 1861.</subfield></datafield><datafield ind1=" " ind2=" " tag="752"><subfield code="a">United States</subfield><subfield code="b">Ohio</subfield><subfield code="c">Miami</subfield><subfield code="d">Piqua.</subfield></datafield></record>